@book{BCIbook,
	author    = {Jonathan R. Wolpaw and Elizabeth Winter Wolpaw},
	title     = {Brain-Computer Interfaces: Principles and Practice},
	publisher = {Oxford University Press},
	year      = {2012}
}

@article{MIpaper,
	author  = {G. Pfurtscheller and C. Neuper},
	title   = {Motor imagery and direct brain-computer communication},
	journal = {Proceedings of the IEEE},
	volume  = {89},
	number  = {7},
	pages   = {1123--1134},
	year    = {2001}
}
