\begin{thebibliography}{9}
	@book{FadaliVisioli2020,
		author    = {M. Sami Fadali and Antonio Visioli},
		title     = {Digital Control Engineering: Analysis and Design},
		edition   = {3},
		year      = {2020},
		publisher = {Academic Press},
		isbn      = {978-0-12-818393-6}
	}
	
\end{thebibliography}
